<?xml version="1.0" encoding="UTF-8"?><collection xmlns="http://www.loc.gov/MARC21/slim"><record><leader>00712nam--2200193-i-4500</leader><controlfield tag="001">000012799</controlfield><controlfield tag="002">20161230</controlfield><controlfield tag="005">20161230201030</controlfield><controlfield tag="008">060222s1000------------r-----000-0-fre-d</controlfield><datafield ind1=" " ind2=" " tag="040"><subfield code="a">IFIN-HH</subfield></datafield><datafield ind1=" " ind2=" " tag="041"><subfield code="a">fre</subfield></datafield><datafield ind1=" " ind2=" " tag="080"><subfield code="a">536.7</subfield></datafield><datafield ind1="1" ind2=" " tag="110"><subfield code="a">Direction Des Etudes Et Recherches D'Electricite De France</subfield></datafield><datafield ind1="1" ind2="0" tag="245"><subfield code="a">Nouveaux systemes energetiques. cycles thermodynamiques associes</subfield><subfield code="b">Cycle de conferences tenu a ermenonville du 30 septembre au 4 octobre 1974; ecole d'ete de mecanique des fluides</subfield></datafield><datafield ind1=" " ind2=" " tag="260"><subfield code="a">Paris</subfield><subfield code="b">Eyrolles</subfield><subfield code="c">1976</subfield></datafield><datafield ind1=" " ind2=" " tag="300"><subfield code="a">433P</subfield></datafield><datafield ind1=" " ind2=" " tag="490"><subfield code="a">Collection De La Direction Des Etudes Et Recherches D'Electricite De France</subfield><subfield code="v">Vol. 27</subfield></datafield><datafield ind1=" " ind2=" " tag="852"><subfield code="a">46490</subfield><subfield code="c">536.7</subfield></datafield><datafield ind1=" " ind2=" " tag="CAT"><subfield code="a">Sys</subfield><subfield code="c">20110531</subfield><subfield code="h">144830</subfield></datafield></record></collection>